<?xml version="1.0" encoding="UTF-8"?><collection xmlns="http://www.loc.gov/MARC21/slim"><record><leader>00388nam--2200145-i-4500</leader><controlfield tag="001">000028166</controlfield><controlfield tag="002">20161230</controlfield><controlfield tag="005">20161230201037</controlfield><controlfield tag="008">060222s1000------------r-----000-0-eng-d</controlfield><datafield ind1=" " ind2=" " tag="080"><subfield code="a">539.12.18</subfield></datafield><datafield ind1=" " ind2=" " tag="100"><subfield code="a">Lawson, J.D</subfield></datafield><datafield ind1=" " ind2=" " tag="245"><subfield code="a">The physics of charged-particle beams</subfield></datafield><datafield ind1=" " ind2=" " tag="260"><subfield code="a">Oxford, Clarendon Press, 1978. Xxi + 462p</subfield></datafield><datafield ind1=" " ind2=" " tag="490"><subfield code="a">The Int.Series Of Monographs On Ph</subfield></datafield><datafield ind1=" " ind2=" " tag="852"><subfield code="a">48748</subfield></datafield></record></collection>